@article{LFS,
 author = {Rosenblum, Mendel and Ousterhout, John K.},
 title = {The Design and Implementation of a Log-structured File System},
 journal = {ACM Trans. Comput. Syst.},
 issue_date = {Feb. 1992},
 volume = {10},
 number = {1},
 month = feb,
 year = {1992},
 issn = {0734-2071},
 pages = {26--52},
 numpages = {27},
 url = {http://doi.acm.org/10.1145/146941.146943},
 doi = {10.1145/146941.146943},
 acmid = {146943},
 publisher = {ACM},
 address = {New York, NY, USA},
 keywords = {Unix, disk storage management, fast crash recovery, file system organization, file system performance, high write performance, log-structured, logging},
}

@inproceedings {Arrakis,
author = {Simon Peter and Jialin Li and Irene Zhang and Dan R. K. Ports and Doug Woos and Arvind Krishnamurthy and Thomas Anderson and Timothy Roscoe},
title = {Arrakis: The Operating System is the Control Plane},
booktitle = {11th USENIX Symposium on Operating Systems Design and Implementation (OSDI 14)},
year = {2014},
month = Oct,
isbn = { 978-1-931971-16-4},
address = {Broomfield, CO},
pages = {1--16},
url = {https://www.usenix.org/conference/osdi14/technical-sessions/presentation/peter},
publisher = {USENIX Association},
}

@article{MosaStore,
 author = {Al-Kiswany, Samer and Gharaibeh, Abdullah and Ripeanu, Matei},
 title = {The Case for a Versatile Storage System},
 journal = {SIGOPS Oper. Syst. Rev.},
 issue_date = {January 2010},
 volume = {44},
 number = {1},
 month = mar,
 year = {2010},
 issn = {0163-5980},
 pages = {10--14},
 numpages = {5},
 url = {http://doi.acm.org/10.1145/1740390.1740394},
 doi = {10.1145/1740390.1740394},
 acmid = {1740394},
 publisher = {ACM},
 address = {New York, NY, USA},
 keywords = {dynamic deployment, high performance storage, storage system specialization, versatile storage system},
}

@Article {corfu,
author       = {Mahesh Balakrishnan and Dahlia Malkhi and John Davis and Vijayan Prabhakaran and
                Michael Wei and Ted Wobber},
journal      = {ACM Transactions on Computer Systems},
publisher    = {ACM},
title        = {CORFU: A Distributed Shared Log},
url          = {http://research.microsoft.com/apps/pubs/default.aspx?id=188977},
year         = {2013},
}

@inproceedings{griffin,
 author = {Soundararajan, Gokul and Prabhakaran, Vijayan and Balakrishnan, Mahesh and Wobber, Ted},
 title = {Extending SSD Lifetimes with Disk-based Write Caches},
 booktitle = {Proceedings of the 8th USENIX Conference on File and Storage Technologies},
 series = {FAST'10},
 year = {2010},
 location = {San Jose, California},
 pages = {8--8},
 numpages = {1},
 url = {http://dl.acm.org/citation.cfm?id=1855511.1855519},
 acmid = {1855519},
 publisher = {USENIX Association},
 address = {Berkeley, CA, USA},
}

@inproceedings{Kim:2008:PNF:1450058.1450064,
 author = {Kim, Jin Kyu and Lee, Hyung Gyu and Choi, Shinho and Bahng, Kyoung Il},
 title = {A PRAM and NAND Flash Hybrid Architecture for High-performance Embedded Storage Subsystems},
 booktitle = {Proceedings of the 8th ACM International Conference on Embedded Software},
 series = {EMSOFT '08},
 year = {2008},
 isbn = {978-1-60558-468-3},
 location = {Atlanta, GA, USA},
 pages = {31--40},
 numpages = {10},
 url = {http://doi.acm.org/10.1145/1450058.1450064},
 doi = {10.1145/1450058.1450064},
 acmid = {1450064},
 publisher = {ACM},
 address = {New York, NY, USA},
 keywords = {file system, flash translation layer (ftl), nand flash, pram},
} 